@misc {ddp,
	title = "Дерево двоичного поиска [Электронный ресурс]",
	url = "https://codechick.io/tutorials/dsa/dsa-binary-search-tree",
	urldate = "2023-12-20"
}

@misc {avl,
	title = "АВЛ-дерево (AVL-Tree) - что это: построение, балансировка, удаление [Электронный ресурс]",
	url = "https://blog.skillfactory.ru/glossary/avl-derevo/",
	urldate = "2023-12-20"
}

@misc{cpp,
	title = "C++ documnetation",
	url = "https://cplusplus.com/",
	urldate = "2023-12-01"
	}