@misc{python-lang,
	title="Welcome to Python [Электронный ресурс]",
	url="https://www.python.org",
	urldate="2023-09-20"
}

@misc{python-lang-time,
	title="time — Time access and conversions [Электронный ресурс]",
	url="https://docs.python.org/3/library/time.html#functions",
	urldate="2023-09-20"
}

@misc{dlbook,
	title="Погорелов, Д. А. Сравнительный анализ алгоритмов редакционного расстояния Левенштейна и Дамерау-Левенштейна / Д. А. Погорелов, А. М. Таразанов. - Синергия Наук. – 2019",
	url="https://elibrary.ru/item.asp?id=36907767",
	urldate="2023-09-20"
}

@misc{w11,
	title="Windows 11 Home",
	url="https://www.microsoft.com/en-us/windows/get-windows-11?activetab=pivot%3aoverviewtab&r=1",
	urdate="2023-09-21"
}