@misc{cpp,
	title = "C++ documnetation",
	url = "https://cplusplus.com/",
	urldate = "2023-12-05"}

@misc{chrono,
	title = "C++ chrono library",
	url = "https://cplusplus.com/reference/chrono/?kw=chrono",
	urldate = "2023-12-05"}
	
@misc{kmp,
	title = "Математические основы алгоритмов. Строковые алгоритмы. Поиск в строке: алгоритм
	Кнута–Морриса–Пратта, его реализация на конечном
	автомате.",
	url = "https://users.math-cs.spbu.ru/~okhotin/teaching/algorithms1_2022/okhotin_algorithms1_2022_l6.pdf",
	urldate = "2023-12-05"}
	
@misc{conv,
	title = "НОУ ИНТУИТ | Архитектура ЭВМ. Лекция 10: Конвейеризация",
	url = "https://intuit.ru/studies/courses/13849/1246/lecture/32770",
	urldate = "2023-12-05"}
	
@misc{mutex,
	title = "НОУ ИНТУИТ. Лекция. Синхронизация потоков",
	url = "https://new2.intuit.ru/studies/professional_skill_improvements/1717/courses/217/lecture/5599?page=2&ysclid=lpwnduox8g513624798",
	urldate = "2023-12-05"}
	
@misc{bm,
	title = "НОУ ИНТУИТ | Структуры и алгоритмы компьютерной обработки данных. Лекция 40: Алгоритмы поиска в тексте",
	url = "https://intuit.ru/studies/courses/648/504/lecture/11468?page=2",
	urldate = "2023-12-05"}