@misc{bucket-sort,
	title="Алгоритмы сортировки данных [Электронный ресурс]",
	url="http://p96555me.beget.tech/materials/sort-methods/#2.4",
	urldate="2023-10-17"
}

@misc{smooth-sort,
	title="Smoothsort Demystified [Электронный ресурс]",
	url="https://www.keithschwarz.com/smoothsort",
	urldate="2023-10-17"
}

@misc{merge-sort,
	title="Алгоритмы сортировки данных [Электронный ресурс]",
	url="http://p96555me.beget.tech/materials/sort-methods/#2.1",
	urldate="2023-10-17"
}

@misc{python-lang,
	title="Welcome to Python [Электронный ресурс]",
	url="https://www.python.org",
	urldate="2023-10-17"
}

@misc{python-lang-time,
	title="time — Time access and conversions [Электронный ресурс]",
	url="https://docs.python.org/3/library/time.html#functions",
	urldate="2023-10-17"
}