@misc{amd,
	title = "AMD Ryzen 5 5500U",
	url = "https://www.amd.com/en/products/apu/amd-ryzen-5-5500u",
	urldate = "2023-12-01"}
	
@misc{cpp,
	title = "C++ documnetation",
	url = "https://cplusplus.com/",
	urldate = "2023-12-01"}
	
@misc{kmp,
	title = "Математические основы алгоритмов. Строковые алгоритмы. Поиск в строке: алгоритм
	Кнута–Морриса–Пратта, его реализация на конечном
	автомате.",
	url = "https://users.math-cs.spbu.ru/~okhotin/teaching/algorithms1_2022/okhotin_algorithms1_2022_l6.pdf",
	urldate = "2023-12-01"}
