@misc{python-lang,
	title="Welcome to Python [Электронный ресурс]",
	url="https://www.python.org",
	urldate="2023-10-10"
}

@misc{python-lang-time,
	title="time — Time access and conversions [Электронный ресурс]",
	url="https://docs.python.org/3/library/time.html#functions",
	urldate="2023-10-10"
}

@book{classic,
	title="Численные методы",
	author="Н.С. Бахвалов, Н.П. Жидков, Г.М. Кобельков",
	publisher="М.: Наука",
	year="1987"
}

@book{vinorgad,
	title="Алгоритмы: построение и анализ", 
	author="Т. Кормен, Ч. Лейзерсон, Р.М. Ривест",
	publisher="МЦНТО",
	year="1999"
}