@misc{kom-task,
	title="Задача коммивояжёра [Электронный ресурс]",
	url="http://mech.math.msu.su/~shvetz/54/inf/perl-problems/chCommisVoyageur.xhtml",
	urldate="2023-12-01"
}

@misc{kom-task-all,
	title="Решаем задачу коммивояжёра простым перебором [Электронный ресурс]",
	url="https://thecode.media/path-js/",
	urldate="2023-12-01"
}

@misc{ant-alg,
	title="Муравьиные алгоритмы [Электронный ресурс]",
	url="https://blog.bullgare.com/wp-content/uploads/2019/05/aca.pdf",
	urldate="2023-12-01"
}

@misc{python-lang,
	title="Welcome to Python [Электронный ресурс]",
	url="https://www.python.org",
	urldate="2023-10-17"
}

@misc{python-lang-time,
	title="time — Time access and conversions [Электронный ресурс]",
	url="https://docs.python.org/3/library/time.html#functions",
	urldate="2023-10-17"
}